@article{maaten2008visualizing,
  title={Visualizing data using t-SNE},
  author={Maaten, Laurens van der and Hinton, Geoffrey},
  journal={Journal of machine learning research},
  volume={9},
  number={Nov},
  pages={2579--2605},
  year={2008}
}

@inproceedings{rendle2010factorization,
  title={Factorization machines},
  author={Rendle, Steffen},
  booktitle={Data Mining (ICDM), 2010 IEEE 10th International Conference on},
  pages={995--1000},
  year={2010},
  organization={IEEE}
}

@inproceedings{donmez2009local,
  title={On the local optimality of LambdaRank},
  author={Donmez, Pinar and Svore, Krysta M and Burges, Christopher JC},
  booktitle={Proceedings of the 32nd international ACM SIGIR conference on Research and development in information retrieval},
  pages={460--467},
  year={2009},
  organization={ACM}
}

@inproceedings{burges2005learning,
  title={Learning to rank using gradient descent},
  author={Burges, Chris and Shaked, Tal and Renshaw, Erin and Lazier, Ari and Deeds, Matt and Hamilton, Nicole and Hullender, Greg},
  booktitle={Proceedings of the 22nd international conference on Machine learning},
  pages={89--96},
  year={2005},
  organization={ACM}
}

@article{rendle2012factorization,
  title={Factorization machines with libfm},
  author={Rendle, Steffen},
  journal={ACM Transactions on Intelligent Systems and Technology (TIST)},
  volume={3},
  number={3},
  pages={57},
  year={2012},
  publisher={ACM}
}

@inproceedings{rendle2009bpr,
  title={BPR: Bayesian personalized ranking from implicit feedback},
  author={Rendle, Steffen and Freudenthaler, Christoph and Gantner, Zeno and Schmidt-Thieme, Lars},
  booktitle={Proceedings of the twenty-fifth conference on uncertainty in artificial intelligence},
  pages={452--461},
  year={2009},
  organization={AUAI Press}
}

@inproceedings{park2006context,
  title={A context-aware music recommendation system using fuzzy bayesian networks with utility theory},
  author={Park, Han-Saem and Yoo, Ji-Oh and Cho, Sung-Bae},
  booktitle={International conference on Fuzzy systems and knowledge discovery},
  pages={970--979},
  year={2006},
  organization={Springer}
}

@inproceedings{zhang2007efficient,
  title={Efficient bayesian hierarchical user modeling for recommendation system},
  author={Zhang, Yi and Koren, Jonathan},
  booktitle={Proceedings of the 30th annual international ACM SIGIR conference on Research and development in information retrieval},
  pages={47--54},
  year={2007},
  organization={ACM}
}

@inproceedings{fma,
  title = {FMA: A Dataset for Music Analysis},
  author = {Defferrard, Micha{\"e}l and Benzi, Kirell and Vandergheynst, Pierre and Bresson, Xavier},
  booktitle = {18th International Society for Music Information Retrieval Conference},
  year = {2017}
}

@book{Celma:Springer2010,
        author = {Celma, O.},
        title = {{Music Recommendation and Discovery in the Long Tail}},
        publisher = {Springer},
        year = {2010}
      }

@inproceedings{lim2007variational,
  title={Variational Bayesian approach to movie rating prediction},
  author={Lim, Yew Jin and Teh, Yee Whye},
  booktitle={Proceedings of KDD cup and workshop},
  volume={7},
  pages={15--21},
  year={2007}
}

@inproceedings{valizadegan2009learning,
  title={Learning to rank by optimizing ndcg measure},
  author={Valizadegan, Hamed and Jin, Rong and Zhang, Ruofei and Mao, Jianchang},
  booktitle={Advances in neural information processing systems},
  pages={1883--1891},
  year={2009}
}

@article{Blei:2017:VIReview,
author = {David M. Blei and Alp Kucukelbir and Jon D. McAuliffe},
title = {Variational Inference: A Review for Statisticians},
journal = {Journal of the American Statistical Association},
volume = {112},
number = {518},
pages = {859-877},
year  = {2017},
publisher = {Taylor & Francis},
}

@article{Jordan:1999:VB,
 author = {Jordan, Michael I. and Ghahramani, Zoubin and Jaakkola, Tommi S. and Saul, Lawrence K.},
 title = {An Introduction to Variational Methods for Graphical Models},
 journal = {Mach. Learn.},
 issue_date = {Nov.1.1999},
 volume = {37},
 number = {2},
 month = nov,
 year = {1999},
 issn = {0885-6125},
 pages = {183--233},
 numpages = {51},
 publisher = {Kluwer Academic Publishers},
 address = {Hingham, MA, USA},
 keywords = {Bayesian networks, Boltzmann machines, approximate inference, belief networks, graphical models, hidden Markov models, mean field methods, neural networks, probabilistic inference, variational methods},
}

@inproceedings{Attias:1999:variationalbayes,
 author = {Attias, Hagai},
 title = {A Variational Bayesian Framework for Graphical Models},
 booktitle = {Proceedings of the 12th International Conference on Neural Information Processing Systems},
 series = {NIPS'99},
 year = {1999},
 location = {Denver, CO},
 pages = {209--215},
 numpages = {7},
 publisher = {MIT Press},
 address = {Cambridge, MA, USA},
}

@article{tie-yan-ltr-survey,
year = {2009},
volume = {3},
journal = {Foundations and TrendsÂ® in Information Retrieval},
title = {Learning to Rank for Information Retrieval},
issn = {1554-0669},
number = {3},
pages = {225-331},
author = {Tie-Yan Liu}
}

@inproceedings{Su:2006:QRR,
 author = {Su, Weifeng and Wang, Jiying and Huang, Qiong and Lochovsky, Fred},
 title = {Query Result Ranking over e-Commerce Web Databases},
 booktitle = {Proceedings of the 15th ACM International Conference on Information and Knowledge Management},
 series = {CIKM '06},
 year = {2006},
 isbn = {1-59593-433-2},
 location = {Arlington, Virginia, USA},
 pages = {575--584},
 numpages = {10},
 acmid = {1183697},
 publisher = {ACM},
 address = {New York, NY, USA},
 keywords = {attribute weight assignment, e-commerce, query result ranking},
} 

@inproceedings{Wong:2003:MMI,
 author = {Wong, Raymond Chi-Wing and Fu, Ada Wai-Chee and Wang, Ke},
 title = {MPIS: Maximal-Profit Item Selection with Cross-Selling Considerations},
 booktitle = {Proceedings of the Third IEEE International Conference on Data Mining},
 series = {ICDM '03},
 year = {2003},
 isbn = {0-7695-1978-4},
 pages = {371--},
 url = {http://dl.acm.org/citation.cfm?id=951949.952162},
 acmid = {952162},
 publisher = {IEEE Computer Society},
 address = {Washington, DC, USA},
}

@inproceedings{Wang:2002:ISH,
 author = {Wang, Ke and Su, Ming-Yen Thomas},
 title = {Item Selection by "Hub-authority" Profit Ranking},
 booktitle = {Proceedings of the Eighth ACM SIGKDD International Conference on Knowledge Discovery and Data Mining},
 series = {KDD '02},
 year = {2002},
 isbn = {1-58113-567-X},
 location = {Edmonton, Alberta, Canada},
 pages = {652--657},
 numpages = {6},
 publisher = {ACM},
 address = {New York, NY, USA},
} 

@inproceedings{Chapelle:2010:MLB,
 author = {Chapelle, Olivier and Shivaswamy, Pannagadatta and Vadrevu, Srinivas and Weinberger, Kilian and Zhang, Ya and Tseng, Belle},
 title = {Multi-task Learning for Boosting with Application to Web Search Ranking},
 booktitle = {Proceedings of the 16th ACM SIGKDD International Conference on Knowledge Discovery and Data Mining},
 series = {KDD '10},
 year = {2010},
 isbn = {978-1-4503-0055-1},
 location = {Washington, DC, USA},
 pages = {1189--1198},
 numpages = {10},
 publisher = {ACM},
 address = {New York, NY, USA},
 keywords = {boosting, decision trees, multi-task learning, ranking, web search},
} 


@inproceedings{Craswell:2008,
 author = {Craswell, Nick and Zoeter, Onno and Taylor, Michael and Ramsey, Bill},
 title = {An Experimental Comparison of Click Position-bias Models},
 booktitle = {Proceedings of the 2008 International Conference on Web Search and Data Mining},
 series = {WSDM '08},
 year = {2008},
 isbn = {978-1-59593-927-2},
 location = {Palo Alto, California, USA},
 pages = {87--94},
 numpages = {8},
 publisher = {ACM},
 address = {New York, NY, USA},
 keywords = {click data, user behavior, web search models},
}

@inproceedings{Yin:2016:RRY,
 author = {Yin, Dawei and Hu, Yuening and Tang, Jiliang and Daly, Tim and Zhou, Mianwei and Ouyang, Hua and Chen, Jianhui and Kang, Changsung and Deng, Hongbo and Nobata, Chikashi and Langlois, Jean-Marc and Chang, Yi},
 title = {Ranking Relevance in Yahoo Search},
 booktitle = {Proceedings of the 22Nd ACM SIGKDD International Conference on Knowledge Discovery and Data Mining},
 series = {KDD '16},
 year = {2016},
 isbn = {978-1-4503-4232-2},
 location = {San Francisco, California, USA},
 pages = {323--332},
 numpages = {10},
 publisher = {ACM},
 address = {New York, NY, USA},
 keywords = {deep learning, learning to rank, query rewriting, semantic matching},
}

@inproceedings{Chapelle:2009:bayes-click,
 author = {Chapelle, Olivier and Zhang, Ya},
 title = {A Dynamic Bayesian Network Click Model for Web Search Ranking},
 booktitle = {Proceedings of the 18th International Conference on World Wide Web},
 series = {WWW '09},
 year = {2009},
 isbn = {978-1-60558-487-4},
 location = {Madrid, Spain},
 pages = {1--10},
 numpages = {10},
 publisher = {ACM},
 address = {New York, NY, USA},
 keywords = {click modeling, click-through rate, dynamic bayesian network, ranking, web search},
} 

@inproceedings{Chen:xgboost:2016,
 author = {Chen, Tianqi and Guestrin, Carlos},
 title = {XGBoost: A Scalable Tree Boosting System},
 booktitle = {Proceedings of the 22Nd ACM SIGKDD International Conference on Knowledge Discovery and Data Mining},
 series = {KDD '16},
 year = {2016},
 isbn = {978-1-4503-4232-2},
 location = {San Francisco, California, USA},
 pages = {785--794},
 numpages = {10},
 publisher = {ACM},
 address = {New York, NY, USA},
 keywords = {large-scale machine learning},
} 

@inproceedings{Tagami:2013,
 author = {Tagami, Yukihiro and Ono, Shingo and Yamamoto, Koji and Tsukamoto, Koji and Tajima, Akira},
 title = {CTR Prediction for Contextual Advertising: Learning-to-rank Approach},
 booktitle = {Proceedings of the Seventh International Workshop on Data Mining for Online Advertising},
 series = {ADKDD '13},
 year = {2013},
 isbn = {978-1-4503-2323-9},
 location = {Chicago, Illinois},
 pages = {4:1--4:8},
 articleno = {4},
 numpages = {8},
 publisher = {ACM},
 address = {New York, NY, USA},
 keywords = {click-through rate prediction, contextual advertising, learning-to-rank},
} 

@inproceedings{KarmakerSantu:2017,
 author = {Karmaker Santu, Shubhra Kanti and Sondhi, Parikshit and Zhai, ChengXiang},
 title = {On Application of Learning to Rank for E-Commerce Search},
 booktitle = {Proceedings of the 40th International ACM SIGIR Conference on Research and Development in Information Retrieval},
 series = {SIGIR '17},
 year = {2017},
 isbn = {978-1-4503-5022-8},
 location = {Shinjuku, Tokyo, Japan},
 pages = {475--484},
 numpages = {10},
 publisher = {ACM},
 address = {New York, NY, USA},
 keywords = {e-commerce search, information retrieval, learning to rank},
} 


@inproceedings{Cooper:1992,
 author = {Cooper, William S. and Gey, Fredric C. and Dabney, Daniel P.},
 title = {Probabilistic Retrieval Based on Staged Logistic Regression},
 booktitle = {Proceedings of the 15th Annual International ACM SIGIR Conference on Research and Development in Information Retrieval},
 series = {SIGIR '92},
 year = {1992},
 isbn = {0-89791-523-2},
 location = {Copenhagen, Denmark},
 pages = {198--210},
 numpages = {13},
 publisher = {ACM},
 address = {New York, NY, USA},
}

@inproceedings{Xia:2008,
 author = {Xia, Fen and Liu, Tie-Yan and Wang, Jue and Zhang, Wensheng and Li, Hang},
 title = {Listwise Approach to Learning to Rank: Theory and Algorithm},
 booktitle = {Proceedings of the 25th International Conference on Machine Learning},
 series = {ICML '08},
 year = {2008},
 isbn = {978-1-60558-205-4},
 location = {Helsinki, Finland},
 pages = {1192--1199},
 numpages = {8},
 publisher = {ACM},
 address = {New York, NY, USA},
} 
@inproceedings{Cao:2006,
 author = {Cao, Yunbo and Xu, Jun and Liu, Tie-Yan and Li, Hang and Huang, Yalou and Hon, Hsiao-Wuen},
 title = {Adapting Ranking SVM to Document Retrieval},
 booktitle = {Proceedings of the 29th Annual International ACM SIGIR Conference on Research and Development in Information Retrieval},
 series = {SIGIR '06},
 year = {2006},
 isbn = {1-59593-369-7},
 location = {Seattle, Washington, USA},
 pages = {186--193},
 numpages = {8},
 publisher = {ACM},
 address = {New York, NY, USA},
 keywords = {information retrieval, loss function, ranking SVM},
} 

@inproceedings{Cao:2007,
 author = {Cao, Zhe and Qin, Tao and Liu, Tie-Yan and Tsai, Ming-Feng and Li, Hang},
 title = {Learning to Rank: From Pairwise Approach to Listwise Approach},
 booktitle = {Proceedings of the 24th International Conference on Machine Learning},
 series = {ICML '07},
 year = {2007},
 isbn = {978-1-59593-793-3},
 location = {Corvalis, Oregon, USA},
 pages = {129--136},
 numpages = {8},
 publisher = {ACM},
 address = {New York, NY, USA},
} 

@article{Yuan:2015,
 author = {Yuan, Quan and Cong, Gao and Zhao, Kaiqi and Ma, Zongyang and Sun, Aixin},
 title = {Who, Where, When, and What: A Nonparametric Bayesian Approach to Context-aware Recommendation and Search for Twitter Users},
 journal = {ACM Trans. Inf. Syst.},
 issue_date = {March 2015},
 volume = {33},
 number = {1},
 month = feb,
 year = {2015},
 issn = {1046-8188},
 pages = {2:1--2:33},
 articleno = {2},
 numpages = {33},
 publisher = {ACM},
 address = {New York, NY, USA},
 keywords = {Recommendation and search, Twitter, context-aware, geographical topic modeling, graphical model, requirement-aware location recommendation, spatiotemporal},
} 

@inproceedings{liu2012variational,
  title={Variational inference for crowdsourcing},
  author={Liu, Qiang and Peng, Jian and Ihler, Alexander T},
  booktitle={Advances in neural information processing systems},
  pages={692--700},
  year={2012}
}

@inproceedings{kurihara2006variational,
  title={Variational Bayesian grammar induction for natural language},
  author={Kurihara, Kenichi and Sato, Taisuke},
  booktitle={International Colloquium on Grammatical Inference},
  pages={84--96},
  year={2006},
  organization={Springer}
}

@article{blei2003latent,
  title={Latent dirichlet allocation},
  author={Blei, David M and Ng, Andrew Y and Jordan, Michael I},
  journal={Journal of machine Learning research},
  volume={3},
  number={Jan},
  pages={993--1022},
  year={2003}
}

@article{Liu:2011,
title = "How do users describe their information need: Query recommendation based on snippet click model",
journal = "Expert Systems with Applications",
volume = "38",
number = "11",
pages = "13847 - 13856",
year = "2011",
issn = "0957-4174",
author = "Yiqun Liu and Junwei Miao and Min Zhang and Shaoping Ma and Liyun Ru",
keywords = "Web data mining, Query recommendation, User behavior analysis, Click-through data"
}

@inproceedings{Rendle:2010:FPM,
 author = {Rendle, Steffen and Freudenthaler, Christoph and Schmidt-Thieme, Lars},
 title = {Factorizing Personalized Markov Chains for Next-basket Recommendation},
 booktitle = {Proceedings of the 19th International Conference on World Wide Web},
 series = {WWW '10},
 year = {2010},
 isbn = {978-1-60558-799-8},
 location = {Raleigh, North Carolina, USA},
 pages = {811--820},
 numpages = {10},
 publisher = {ACM},
 address = {New York, NY, USA},
 keywords = {basket recommendation, markov chain, matrix factorization},
} 

@inproceedings{Guy:2009,
 author = {Guy, Ido and Zwerdling, Naama and Carmel, David and Ronen, Inbal and Uziel, Erel and Yogev, Sivan and Ofek-Koifman, Shila},
 title = {Personalized Recommendation of Social Software Items Based on Social Relations},
 booktitle = {Proceedings of the Third ACM Conference on Recommender Systems},
 series = {RecSys '09},
 year = {2009},
 isbn = {978-1-60558-435-5},
 location = {New York, New York, USA},
 pages = {53--60},
 numpages = {8},
 publisher = {ACM},
 address = {New York, NY, USA},
 keywords = {personalization, recommender systems, social media, social networks, social software},
}

@incollection{neal1998view,
  title={A view of the EM algorithm that justifies incremental, sparse, and other variants},
  author={Neal, Radford M and Hinton, Geoffrey E},
  booktitle={Learning in graphical models},
  pages={355--368},
  year={1998},
  publisher={Springer}
}

@inproceedings{Ben-Elazar:2017,
 author = {Ben-Elazar, Shay and Lavee, Gal and Koenigstein, Noam and Barkan, Oren and Berezin, Hilik and Paquet, Ulrich and Zaccai, Tal},
 title = {Groove Radio: A Bayesian Hierarchical Model for Personalized Playlist Generation},
 booktitle = {Proceedings of the Tenth ACM International Conference on Web Search and Data Mining},
 series = {WSDM '17},
 year = {2017},
 isbn = {978-1-4503-4675-7},
 location = {Cambridge, United Kingdom},
 pages = {445--453},
 numpages = {9},
 publisher = {ACM},
 address = {New York, NY, USA},
 keywords = {personalization, playlist generation, radio, recommendation, variational inference},
} 

@article{dempster1977maximum,
  title={Maximum likelihood from incomplete data via the EM algorithm},
  author={Dempster, Arthur P and Laird, Nan M and Rubin, Donald B},
  journal={Journal of the royal statistical society. Series B (methodological)},
  pages={1--38},
  year={1977},
  publisher={JSTOR}
}

@article{peterson1963mean,
  title={A Mean Field Theory Learning Algorithm for Neural Networks},
  author={Peterson, C},
  journal={Complex Systems},
  volume={4},
  number={2},
  pages={294--307},
  year={1963}
}

@inproceedings{hinton1993keeping,
  title={Keeping the neural networks simple by minimizing the description length of the weights},
  author={Hinton, Geoffrey E and Van Camp, Drew},
  booktitle={Proceedings of the sixth annual conference on Computational learning theory},
  pages={5--13},
  year={1993},
  organization={ACM}
}

@article{Koren:2010,
 author = {Koren, Yehuda},
 title = {Collaborative Filtering with Temporal Dynamics},
 journal = {Commun. ACM},
 issue_date = {April 2010},
 volume = {53},
 number = {4},
 month = apr,
 year = {2010},
 issn = {0001-0782},
 pages = {89--97},
 numpages = {9},
 publisher = {ACM},
 address = {New York, NY, USA},
} 

@inproceedings{Yin:2011,
 author = {Yin, Dawei and Hong, Liangjie and Xue, Zhenzhen and Davison, Brian D.},
 title = {Temporal Dynamics of User Interests in Tagging Systems},
 booktitle = {Proceedings of the Twenty-Fifth AAAI Conference on Artificial Intelligence},
 series = {AAAI'11},
 year = {2011},
 location = {San Francisco, California},
 pages = {1279--1285},
 numpages = {7},
 publisher = {AAAI Press},
}

@article{Tang_review:2013,
title = "Social recommendation: a review",
keywords = "Recommender systems, Social media, Social network analysis, Social recommendation, Social recommender systems",
author = "Jiliang Tang and Xia Hu and Huan Liu",
year = "2013",
month = "1",
doi = "10.1007/s13278-013-0141-9",
volume = "3",
pages = "1113--1133",
journal = "Social Network Analysis and Mining",
issn = "1869-5450",
publisher = "Springer Wien",
number = "4",
}

@inproceedings{Gultekin_acollaborative,
 author = {Gultekin, San and Paisley, John},
 title = {A Collaborative Kalman Filter for Time-Evolving Dyadic Processes},
 booktitle = {Proceedings of the 2014 IEEE International Conference on Data Mining},
 series = {ICDM '14},
 year = {2014},
 isbn = {978-1-4799-4302-9},
 pages = {140--149},
 numpages = {10},
 publisher = {IEEE Computer Society},
 address = {Washington, DC, USA},
}

@inbook{Tang_exploitinglocal,
title = "Exploiting local and global social context for recommendation",
author = "Jiliang Tang and Xia Hu and Huiji Gao and Huan Liu",
year = "2013",
isbn = "9781577356332",
pages = "2712--2718",
booktitle = "IJCAI International Joint Conference on Artificial Intelligence",
}

@ARTICLE{7927889,
author = {B. Smith and G. Linden},
journal = {IEEE Internet Computing},
title = {Two Decades of Recommender Systems at Amazon.com},
year = {2017},
volume = {21},
number = {3},
pages = {12-18},
keywords={Collaboration;Internet and web services;Recommender systems;Real-time systems;Social network services;Artificial intelligence;Business},
ISSN = {1089-7801},
month={May-June}
}

@article{Gomez-Uribe:2015:NRS:2869770.2843948,
	author = {Gomez-Uribe, Carlos A. and Hunt, Neil},
	title = {The Netflix Recommender System: Algorithms, Business Value, and Innovation},
	journal = {ACM Trans. Manage. Inf. Syst.},
	issue_date = {January 2016},
	volume = {6},
	number = {4},
	month = dec,
	year = {2015},
	issn = {2158-656X},
	pages = {13:1--13:19},
	articleno = {13},
	numpages = {19},
	publisher = {ACM},
	address = {New York, NY, USA},
	keywords = {Recommender systems},
} 


@inproceedings{Davidson:2010:YVR:1864708.1864770,
	author = {Davidson, James and Liebald, Benjamin and Liu, Junning and Nandy, Palash and Van Vleet, Taylor and Gargi, Ullas and Gupta, Sujoy and He, Yu and Lambert, Mike and Livingston, Blake and Sampath, Dasarathi},
	title = {The YouTube Video Recommendation System},
	booktitle = {Proceedings of the Fourth ACM Conference on Recommender Systems},
	series = {RecSys '10},
	year = {2010},
	isbn = {978-1-60558-906-0},
	location = {Barcelona, Spain},
	pages = {293--296},
	numpages = {4},
	publisher = {ACM},
	address = {New York, NY, USA},
	keywords = {collaborative filtering, online video, recommender systems, youtube},
} 

@inproceedings{Covington:2016:DNN:2959100.2959190,
	author = {Covington, Paul and Adams, Jay and Sargin, Emre},
	title = {Deep Neural Networks for YouTube Recommendations},
	booktitle = {Proceedings of the 10th ACM Conference on Recommender Systems},
	series = {RecSys '16},
	year = {2016},
	isbn = {978-1-4503-4035-9},
	location = {Boston, Massachusetts, USA},
	pages = {191--198},
	numpages = {8},
	publisher = {ACM},
	address = {New York, NY, USA},
	keywords = {deep learning, recommender system, scalability},
}

@inproceedings{Sarwar:2001:ICF:371920.372071,
	author = {Sarwar, Badrul and Karypis, George and Konstan, Joseph and Riedl, John},
	title = {Item-based Collaborative Filtering Recommendation Algorithms},
	booktitle = {Proceedings of the 10th International Conference on World Wide Web},
	series = {WWW '01},
	year = {2001},
	isbn = {1-58113-348-0},
	location = {Hong Kong, Hong Kong},
	pages = {285--295},
	numpages = {11},
	publisher = {ACM},
	address = {New York, NY, USA},
} 

@article{Koren:2009:MFT:1608565.1608614,
	author = {Koren, Yehuda and Bell, Robert and Volinsky, Chris},
	title = {Matrix Factorization Techniques for Recommender Systems},
	journal = {Computer},
	issue_date = {August 2009},
	volume = {42},
	number = {8},
	month = aug,
	year = {2009},
	issn = {0018-9162},
	pages = {30--37},
	numpages = {8},
	publisher = {IEEE Computer Society Press},
	address = {Los Alamitos, CA, USA},
	keywords = {Computational intelligence, Computational intelligence, Netflix Prize, Matrix factorization, Matrix factorization, Netflix Prize},
} 

@article{Su:2009:SCF:1592474.1722966,
	author = {Su, Xiaoyuan and Khoshgoftaar, Taghi M.},
	title = {A Survey of Collaborative Filtering Techniques},
	journal = {Adv. in Artif. Intell.},
	issue_date = {January 2009},
	volume = {2009},
	month = jan,
	year = {2009},
	issn = {1687-7470},
	pages = {4:2--4:2},
	articleno = {4},
	numpages = {1},
	publisher = {Hindawi Publishing Corp.},
	address = {New York, NY, United States},
} 

@inproceedings{Oord:2013:DCM:2999792.2999907,
	author = {Oord, A\"{a}ron van den and Dieleman, Sander and Schrauwen, Benjamin},
	title = {Deep Content-based Music Recommendation},
	booktitle = {Proceedings of the 26th International Conference on Neural Information Processing Systems - Volume 2},
	series = {NIPS'13},
	year = {2013},
	location = {Lake Tahoe, Nevada},
	pages = {2643--2651},
	numpages = {9},
	url = {http://dl.acm.org/citation.cfm?id=2999792.2999907},
	acmid = {2999907},
	publisher = {Curran Associates Inc.},
	address = {USA},
} 

@INBOOK{2011rsh..book...73L,
	author = {{Lops}, P. and {de Gemmis}, M. and {Semeraro}, G.},
	title = "{Content-based Recommender Systems: State of the Art and Trends}",
	booktitle = {Recommender Systems Handbook},
	year = 2011,
	editor = {{Ricci}, F. and {Rokach}, L. and {Shapira}, B. and {Kantor}, P.~B.
	},
	pages = {73},
}

@article{Burke:2002:HRS:586321.586352,
	author = {Burke, Robin},
	title = {Hybrid Recommender Systems: Survey and Experiments},
	journal = {User Modeling and User-Adapted Interaction},
	issue_date = {November 2002},
	volume = {12},
	number = {4},
	month = nov,
	year = {2002},
	issn = {0924-1868},
	pages = {331--370},
	numpages = {40},
	publisher = {Kluwer Academic Publishers},
	address = {Hingham, MA, USA},
	keywords = {case-based reasoning, collaborative filtering, recommender systems},
} 

@inproceedings{Cheng2016Wide,
	title={Wide \& Deep Learning for Recommender Systems},
	author={Cheng, Heng Tze and Koc, Levent and Harmsen, Jeremiah and Shaked, Tal and Chandra, Tushar and Aradhye, Hrishi and Anderson, Glen and Corrado, Greg and Chai, Wei and Ispir, Mustafa},
	booktitle={The Workshop on Deep Learning for Recommender Systems},
	pages={7-10},
	year={2016},
}

@inproceedings{Tajima2017Embedding,
	title={Embedding-based News Recommendation for Millions of Users},
	author={Tajima, Akira and Tajima, Akira and Tajima, Akira and Tajima, Akira},
	booktitle={ACM SIGKDD International Conference on Knowledge Discovery and Data Mining},
	pages={1933-1942},
	year={2017},
}

@book{Li:2011:LRI:2018740,
	author = {Li, Hang},
	title = {Learning to Rank for Information Retrieval and Natural Language Processing},
	year = {2011},
	isbn = {1608457079, 9781608457076},
	publisher = {Morgan \& Claypool Publishers},
} 

@inproceedings{Huang_2013_LDS,
	author = {Huang, Po-Sen and He, Xiaodong and Gao, Jianfeng and Deng, Li and Acero, Alex and Heck, Larry},
	title = {Learning Deep Structured Semantic Models for Web Search Using Clickthrough Data},
	booktitle = {Proceedings of the 22Nd ACM International Conference on Information \& Knowledge Management},
	series = {CIKM '13},
	year = {2013},
	isbn = {978-1-4503-2263-8},
	location = {San Francisco, California, USA},
	pages = {2333--2338},
	numpages = {6},
	publisher = {ACM},
	address = {New York, NY, USA},
	keywords = {clickthrough data, deep learning, semantic model, web search},
} 

@inproceedings{distill_hinton,
	title = {Distilling the Knowledge in a Neural Network},
	author  = {Geoffrey Hinton and Oriol Vinyals and Jeffrey Dean},
	year  = {2015},
	URL = {http://arxiv.org/abs/1503.02531},
	booktitle = {NIPS Deep Learning and Representation Learning Workshop}
}

@article{Romero2014FitNetsHF,
	title={FitNets: Hints for Thin Deep Nets},
	author={Adriana Romero and Nicolas Ballas and Samira Ebrahimi Kahou and Antoine Chassang and Carlo Gatta and Yoshua Bengio},
	journal={CoRR},
	year={2014},
	volume={abs/1412.6550}
}

@conference{LopSchBotVap16,
	title = {Unifying distillation and privileged information},
	author = {Lopez-Paz, D. and Sch{\"o}lkopf, B. and Bottou, L. and Vapnik, V.},
	booktitle = {International Conference on Learning Representations},
	year = {2016}
}

@inproceedings{noise_distillation_iccv,
	author    = {Yuncheng Li and
	Jianchao Yang and
	Yale Song and
	Liangliang Cao and
	Jiebo Luo and
	Li{-}Jia Li},
	title     = {Learning from Noisy Labels with Distillation},
	booktitle = {{IEEE} International Conference on Computer Vision, {ICCV} 2017, Venice,
	Italy, October 22-29, 2017},
	pages     = {1928--1936},
	year      = {2017}
}

@inproceedings{gupta2016cross,
	author = "Gupta, Saurabh and Hoffman, Judy and Malik, Jitendra",
	title = "Cross modal distillation for supervision transfer",
	booktitle = "Proceedings of the IEEE Conference on Computer Vision and Pattern Recognition",
	pages = "2827--2836",
	year = "2016"
}

@inproceedings{Tzeng2015Simultaneous,
	title={Simultaneous Deep Transfer Across Domains and Tasks},
	author={Tzeng, Eric and Hoffman, Judy and Darrell, Trevor and Saenko, Kate},
	booktitle={IEEE International Conference on Computer Vision},
	pages={4068-4076},
	year={2015},
}

@article{DBLP:journals/corr/RuderGB17,
	author    = {Sebastian Ruder and
	Parsa Ghaffari and
	John G. Breslin},
	title     = {Knowledge Adaptation: Teaching to Adapt},
	journal   = {CoRR},
	volume    = {abs/1702.02052},
	year      = {2017},
	url       = {http://arxiv.org/abs/1702.02052},
	archivePrefix = {arXiv},
	eprint    = {1702.02052},
	timestamp = {Wed, 07 Jun 2017 01:00:00 +0200},
	biburl    = {http://dblp.org/rec/bib/journals/corr/RuderGB17},
	bibsource = {dblp computer science bibliography, http://dblp.org}
}

@inproceedings{DBLP:conf/interspeech/LiSWZG17,
	author    = {Jinyu Li and
	Michael L. Seltzer and
	Xi Wang and
	Rui Zhao and
	Yifan Gong},
	title     = {Large-Scale Domain Adaptation via Teacher-Student Learning},
	booktitle = {Interspeech 2017, 18th Annual Conference of the International Speech
	Communication Association, Stockholm, Sweden, August 20-24, 2017},
	pages     = {2386--2390},
	year      = {2017},
	crossref  = {DBLP:conf/interspeech/2017},
	url       = {http://www.isca-speech.org/archive/Interspeech_2017/abstracts/0519.html},
	timestamp = {Tue, 16 Jan 2018 11:21:54 +0100},
	biburl    = {http://dblp.org/rec/bib/conf/interspeech/LiSWZG17},
	bibsource = {dblp computer science bibliography, http://dblp.org}
}

@inproceedings{seq_distill_emnlp,
	author    = {Yoon Kim and
	Alexander M. Rush},
	title     = {Sequence-Level Knowledge Distillation},
	booktitle = {Proceedings of the 2016 Conference on Empirical Methods in Natural
	Language Processing, {EMNLP} 2016, Austin, Texas, USA, November 1-4,
	2016},
	pages     = {1317--1327},
	year      = {2016},
	crossref  = {DBLP:conf/emnlp/2016},
	url       = {http://aclweb.org/anthology/D/D16/D16-1139.pdf},
	timestamp = {Fri, 04 Nov 2016 14:45:31 +0100},
	biburl    = {http://dblp.org/rec/bib/conf/emnlp/KimR16},
	bibsource = {dblp computer science bibliography, http://dblp.org}
}

@article{DBLP:journals/corr/RusuCGDKPMKH15,
	author    = {Andrei A. Rusu and
	Sergio Gomez Colmenarejo and
	{\c{C}}aglar G{\"{u}}l{\c{c}}ehre and
	Guillaume Desjardins and
	James Kirkpatrick and
	Razvan Pascanu and
	Volodymyr Mnih and
	Koray Kavukcuoglu and
	Raia Hadsell},
	title     = {Policy Distillation},
	journal   = {CoRR},
	volume    = {abs/1511.06295},
	year      = {2015}
}

@article{dickey1983multiple,
  title={Multiple hypergeometric functions: Probabilistic interpretations and statistical uses},
  author={Dickey, James M},
  journal={Journal of the American Statistical Association},
  volume={78},
  number={383},
  pages={628--637},
  year={1983},
  publisher={Taylor \& Francis Group}
}

@article{blei2003latent,
  title={Latent dirichlet allocation},
  author={Blei, David M and Ng, Andrew Y and Jordan, Michael I},
  journal={Journal of machine Learning research},
  volume={3},
  number={Jan},
  pages={993--1022},
  year={2003}
}

@inproceedings{jaakkola1997variational,
  title={A variational approach to Bayesian logistic regression models and their extensions},
  author={Jaakkola, T and Jordan, M},
  booktitle={Sixth International Workshop on Artificial Intelligence and Statistics},
  volume={82},
  pages={4},
  year={1997}
}

@article{jordan1999introduction,
  title={An introduction to variational methods for graphical models},
  author={Jordan, Michael I and Ghahramani, Zoubin and Jaakkola, Tommi S and Saul, Lawrence K},
  journal={Machine learning},
  volume={37},
  number={2},
  pages={183--233},
  year={1999},
  publisher={Springer}
}

@article{bishop2006pattern,
  title={Pattern recognition and machine learning (information science and statistics) springer-verlag new york},
  author={Bishop, Christopher M},
  journal={Inc. Secaucus, NJ, USA},
  year={2006}
}

@article{mackay1992evidence,
  title={The evidence framework applied to classification networks},
  author={MacKay, David JC},
  journal={Neural computation},
  volume={4},
  number={5},
  pages={720--736},
  year={1992},
  publisher={MIT Press}
}

@article{rue2009approximate,
  title={Approximate Bayesian inference for latent Gaussian models by using integrated nested Laplace approximations},
  author={Rue, H{\aa}vard and Martino, Sara and Chopin, Nicolas},
  journal={Journal of the royal statistical society: Series b (statistical methodology)},
  volume={71},
  number={2},
  pages={319--392},
  year={2009},
  publisher={Wiley Online Library}
}

@inproceedings{george2005scalable,
  title={A scalable collaborative filtering framework based on co-clustering},
  author={George, Thomas and Merugu, Srujana},
  booktitle={Data Mining, Fifth IEEE international conference on},
  pages={4--pp},
  year={2005},
  organization={IEEE}
}

@inproceedings{mnih2008probabilistic,
  title={Probabilistic matrix factorization},
  author={Mnih, Andriy and Salakhutdinov, Ruslan R},
  booktitle={Advances in neural information processing systems},
  pages={1257--1264},
  year={2008}
}
@inproceedings{koren2008factorization,
  title={Factorization meets the neighborhood: a multifaceted collaborative filtering model},
  author={Koren, Yehuda},
  booktitle={Proceedings of the 14th ACM SIGKDD international conference on Knowledge discovery and data mining},
  pages={426--434},
  year={2008},
  organization={ACM}
}

@article{luo2014efficient,
  title={An efficient non-negative matrix-factorization-based approach to collaborative filtering for recommender systems},
  author={Luo, Xin and Zhou, Mengchu and Xia, Yunni and Zhu, Qingsheng},
  journal={IEEE Transactions on Industrial Informatics},
  volume={10},
  number={2},
  pages={1273--1284},
  year={2014},
  publisher={IEEE}
}

@article{koren2010factor,
  title={Factor in the neighbors: Scalable and accurate collaborative filtering},
  author={Koren, Yehuda},
  journal={ACM Transactions on Knowledge Discovery from Data (TKDD)},
  volume={4},
  number={1},
  pages={1},
  year={2010},
  publisher={ACM}
}

@article{burges2010ranknet,
  title={From ranknet to lambdarank to lambdamart: An overview},
  author={Burges, Christopher JC},
  journal={Learning},
  volume={11},
  number={23-581},
  pages={81},
  year={2010}
}

@article{de2016representation,
  title={Representation learning for very short texts using weighted word embedding aggregation},
  author={De Boom, Cedric and Van Canneyt, Steven and Demeester, Thomas and Dhoedt, Bart},
  journal={Pattern Recognition Letters},
  volume={80},
  pages={150--156},
  year={2016},
  publisher={Elsevier}
}

